@Book{xie2015,
  title = {Dynamic Documents with {R} and knitr},
  author = {Yihui Xie},
  publisher = {Chapman and Hall/CRC},
  address = {Boca Raton, Florida},
  year = {2015},
  edition = {2nd},
  note = {ISBN 978-1498716963},
  url = {http://yihui.name/knitr/},
}
@online{RMSE,
  title = {RMSE: Root Mean Square Error},
  author = {Stephanie Glen},
  note = {From StatisticsHowTo.com: Elementary Statistics for the rest of us!},
  url = {https://www.statisticshowto.com/probability-and-statistics/regression-analysis/rmse-root-mean-square-error/}
  urldate = {2021-05-20}
}
@Book{model_wine,
  title = {Modeling wine preferences by data mining from physiochemical properties. In Decision Support Systems},
  author = {P. Cortez, A. Cerdeira, F. Almeida, T. Matos and J. Reis.},
  publisher = {Elsevier},
  note = {ISBN 47(4):547-553}
  year = {2009}
}
@online{wine_exactly_web,
  title = {What Is Wine Exactly},
  author = {Puckette, Madeline},
  url = {winefolly.com/deep-dive/what-is-wine},
  urldate = {5 Oct. 2015}
}

@online{descrip_stat,
  title = {Descriptive Statistics},
  note = {Wikipedia},
  url = {en.wikipedia.org/wiki/Descriptive_statistics},
  urldate = {Accessed 29 May 2021}
}